@article{farkas2020insights,
  title={Insights on early mutational events in SARS-CoV-2 virus reveal founder effects across geographical regions},
  author={Farkas, Carlos and Fuentes-Villalobos, Francisco and Garrido, Jose Luis and Haigh, Jody and Barr{\'\i}a, Mar{\'\i}a In{\'e}s},
  journal={PeerJ},
  volume={8},
  pages={e9255},
  year={2020},
  publisher={PeerJ Inc.}
}
